@manual{sample,
  organization = {TU Dortmund, Fakult√§t Physik},
  title = {The Diode Laser},
  year = 2023
}
